@article{CAM02-UCS,
  author = {M. Ronnier Luo and Guihua Cui and Changjun Li},
  year = 2006,
  title = {Uniform colour spaces based on {CIECAM02} colour appearance model},
  journal = {Color Research \& Application},
  volume = 31,
  number = 4,
  pages = {320--330},
  doi = {10.1002/col.20227},
}

@article{Machado-CVD,
  author = {Gustavo M. Machado and Manuel M. Oliveira and Leandro A. F. Fernandes},
  year = 2009,
  title = {A physiologically-based model for simulation of color vision deficiency},
  journal = {IEEE Transactions on Visualization and Computer Graphics},
  volume = 15,
  number = 6,
  pages = {1291--1298},
  doi = {10.1109/TVCG.2009.113},
  url = {http://www.inf.ufrgs.br/~oliveira/pubs_files/CVD_Simulation/CVD_Simulation.html},
}

@InCollection{Luo-CIECAM02,
  author = {Ming Ronnier Luo and Changjun Li},
  title = {{CIECAM02} and its recent developments},
  year = 2013,
  pages = {19--58},
  booktitle = {Advanced color image processing and analysis},
  editor = {Christine Fernandez-Maloigne},
  address = {New York},
  publisher = {Springer New York},
  doi = {10.1007/978-1-4419-6190-7_2},
}

@InCollection{Sharpe-CVD,
  title = {Opsin genes, cone photopigments and color vision},
  booktitle = {Color vision: {From} genes to perception},
  author = {Sharpe, Lindsay T. and Stockman, Andrew and JÃ¤gle, Herbert and Nathans, Jeremy},
  year = {2000},
  pages = {3--51},
  editor = {Karl R. Gegenfurtner and Lindsay T. Sharpe},
  publisher = {Cambridge University Press},
  address = {Cambridge},
}
